%% This BibTeX bibliography file was created using BibDesk.
%% http://bibdesk.sourceforge.net/


%% Created for Weiwei Pan at 2016-04-14 18:32:15 -0400 


%% Saved with string encoding Unicode (UTF-8) 



@article{Slaughter,
	Author = {J. Slaughter and A. Herring and J. Thorp},
	Date-Added = {2016-04-14 22:30:16 +0000},
	Date-Modified = {2016-04-14 22:31:39 +0000},
	Journal = {Biometrics},
	Number = {4},
	Pages = {1233-1242},
	Title = {A Bayesian Latent Variable Mixture Model for Longitudinal Fetal Growth},
	Volume = {65},
	Year = {2009}}

@misc{Holl08bayesianhierarchical,
	Author = {James Holl and Simon Jackman},
	Title = {Bayesian Hierarchical Mixture Models for High-Risk Births},
	Year = {2008}}
