%% This BibTeX bibliography file was created using BibDesk.
%% http://bibdesk.sourceforge.net/


%% Created for Weiwei Pan at 2016-04-14 18:32:15 -0400 


%% Saved with string encoding Unicode (UTF-8) 


@book{Murphy,
 author = {Murphy, Kevin P.},
 title = {Machine Learning: A Probabilistic Perspective},
 year = {2012},
 isbn = {0262018020, 9780262018029},
 publisher = {The MIT Press},
}

@Book{Bishop,
  author = 	 "Christopher M. Bishop",
  title = 	 "Pattern Recognition and Machine Learning",
  publisher = 	 "Springer",
  year = 	 "2006",
}


@article{Biernacki,
	Author = {C. Biernacki and G. Govaert},
	Journal = {J. Stat. Comput. Sim.},
	Number = {64},
	Pages = {49â€“71},
	Title = {Choosing models in model-based clustering and discriminant analysis},
	Volume = {1},
	Year = {1999}}
	
	
	
