%% This BibTeX bibliography file was created using BibDesk.
%% http://bibdesk.sourceforge.net/


%% Created for Weiwei Pan at 2016-04-14 18:32:15 -0400 


%% Saved with string encoding Unicode (UTF-8) 



@article{Slaughter,
	Author = {J. Slaughter and A. Herring and J. Thorp},
	Date-Added = {2016-04-14 22:30:16 +0000},
	Date-Modified = {2016-04-14 22:31:39 +0000},
	Journal = {Biometrics},
	Number = {4},
	Pages = {1233-1242},
	Title = {A Bayesian Latent Variable Mixture Model for Longitudinal Fetal Growth},
	Volume = {65},
	Year = {2009}}

@misc{Holl08bayesianhierarchical,
	Author = {James Holland Jones and Simon Jackman},
	Title = {Bayesian Hierarchical Mixture Models for High-Risk Births},
	Year = {2008}}
	
@misc{Jones,
	Author = {James Holland Jones and Simon Jackman},
	Title = {Bayesian Hierarchical Mixture Models for High-Risk Births},
	Year = {2008},
        howpublished = {Population Association of American 2008 Annual Meeting}
}

	

@article{Stephens,
	Author = {Matthew Stephens},
	Journal = {J. R. Statist. Soc. B},
	Pages = {795-809},
	Title = {Dealing with label switching in mixture models},
	Volume = {62},
	Year = {2000}}
	
@misc{walshpressrelease,
  author = {{City of Boston Mayor's Office}},
  title = {{Mayor Walsh Launches Boston 311}},
  howpublished = {Press Release},
  month = {August},
  year = {2015},
  note = {\url{http://www.cityofboston.gov/news/Default.aspx?id=20283}}
}

@misc{newurbanmechanics,
  author = {{Boston's Mayor's Office of New Urban Mechanics}},
  title = {{Citizens Connect}},

  note = {\url{http://www.cityofboston.gov/news/Default.aspx?id=20283}}

}


@book{Gelman,
  author    = {Andrew Gelman and John B. Carlin and Hal S. Stern and Donald B. Rubin}, 
  title     = {Bayesian Data Analysis},
  publisher = {Chapman \& Hall/CRC},
  year      = 2004,
  edition   = {2nd},
}
